
@online{weka.CVParameters,
author = "The University of Waikato",
title = "Optimizing parameters",
year = "2014",
url = "http://weka.wikispaces.com/Optimizing+parameters"
}

@online{weka_java,
author = {The University of Waikato},
title = {Weka java code},
year = {2014},
url = {http://weka.wikispaces.com/Use+Weka+in+your+Java+code}
}

@online{coursera,
author = {Andrew Ng},
title = {Machine Learning},
year = {2014},
url = {https://class.coursera.org/ml-007}
}


@online{Edit_dist,
author = {Wikipedia},
title = {Edit distance}, 
year = {2014},
url = {http://en.wikipedia.org/wiki/Edit_distance}
}

@online{Cheby,
author = {Wikipedia},
title = {Chebyshev distance},
year = {2014},
url = {http://en.wikipedia.org/wiki/Chebyshev_distance}
}

@Book{Witten,
ALTauthor = {Ian H. Witten, Eibe Frank, Mark A. Hall},
ALTeditor = {Elseiver},
title = {Practical Machine Learning
Tools and Techniques},
publisher = {Morgan Kaufmann},
year = {2011}
}

@online{SVM1,
author = "Wikipedia",
title = "Svm max sep hyperplane with margin",
year = "2008",
url = "http://en.wikipedia.org/wiki/File:Svm_max_sep_hyperplane_with_margin.png#file"
}

@online{SVMNoLinear,
author = "Alisneaky",
title = "Kernel Machine",
year = "2011",
url = "http://en.wikipedia.org/wiki/File:Kernel_Machine.png"
}

@online{SVM2,
author = " Aoife Lowery, Christophe Lemetre, Graham Ball and Michael Kerin",
title = "SVM2",
year = "2011",
url = "http://www.intechopen.com/source/html/18993/media/image8.png"
}

@Book{Chin-Wei,
ALTauthor = {Chih-Wei Hsu, Chih-Chung Chang, and Chih-Jen Lin},
title = {A Practical Guide
to Support Vector Classification},
publisher = {Department of Computer Science
National Taiwan University, Taipei 106, Taiwan},
year = {2010}
}

@Book{Scienta,
ALTauthor = {Gustavo A. Betancourt},
title = {Las Máquinas de Soporte Vectorial (SVMs)},
publisher = {Universidad Tecnológica de Pereira,
Colombia},
year = {2005}
}

@online{INAOE,
author = {Eduardo Morales},
title = {Máquinas de Soporte Vectorial}, 
year = {2009},
url = {http://ccc.inaoep.mx/~emorales/Cursos/Aprendizaje2/node29.html}
}

@Book{Princeton,
ALTauthor = {Jason Weston},
title = {Support Vector Machine (and Statistical Learning Theory)},
publisher = {NEC Labs America, Princeton, USA},
year = {}
}

@Book{IRC-Weka,
ALTauthor = {Alejandro Boris Valiente, Zaida Cebrián Jiménez},
title = {Inteligencia en redes de comunicaciones, Práctica Weka},
publisher = {Universidad Carlos III, Madrid, España},
year = {}
}

@Book{libsvm,
ALTauthor = {Chih-Chung Chang and Chih-Jen Lin},
title = {LIBSVM: A Library for Support Vector Machines},
publisher = {Department of Computer Science,
National Taiwan University, Taipei, Taiwan},
year = {2001}
}
Chih-Wei Hsu et al. A Practical Guide
to Support Vector Classification, section 2.2

@Book{libsvmguide,
ALTauthor = {Chih-Chung Chang and Chih-Jen Lin},
title = {A Practical Guide to Support Vector Classification},
publisher = {Department of Computer Science,
National Taiwan University, Taipei, Taiwan},
year = {2010}
}


